% This file was created with JabRef 2.10b2.
% Encoding: UTF-8

@InProceedings{LiebigALKS10,
  Title                    = {{An Analysis of the Variability in Forty Preprocessor-Based Software Product Lines}},
  Author                   = {Liebig, J{\"o}rg and Apel, Sven and Lengauer, Christian and K{\"a}stner, Christian and Schulze, Michael},
  Booktitle                = {Proc.\ Int.\ Conf.\ Software Engineering (ICSE)},
  Year                     = {2010},
  Pages                    = {105--114},
  Publisher                = {ACM}
}

@InProceedings{LiebigKA11,
  Title                    = {{Analyzing the Discipline of Preprocessor Annotations in 30 Million Lines of {C} Code}},
  Author                   = {Liebig, J{\"o}rg and K{\"a}stner, Christian and Apel, Sven},
  Booktitle                = {Proc.\ Int.\ Conf.\ Aspect-Oriented Software Development (AOSD)},
  Year                     = {2011},
  Pages                    = {191--202},
  Publisher                = {ACM}
}
